<?xml version="1.0" encoding="UTF-8"?><collection xmlns="http://www.loc.gov/MARC21/slim"><record><leader>00344nam--2200133-i-4500</leader><controlfield tag="001">000038903</controlfield><controlfield tag="002">20161230</controlfield><controlfield tag="005">20161230201042</controlfield><controlfield tag="008">060222s1000------------r-----000-0-eng-d</controlfield><datafield ind1=" " ind2=" " tag="080"><subfield code="a">550.34(23)</subfield></datafield><datafield ind1=" " ind2=" " tag="100"><subfield code="a">Rethly, Antal</subfield></datafield><datafield ind1=" " ind2=" " tag="245"><subfield code="a">A karpatmedencek foldrengesei (455-1918)</subfield></datafield><datafield ind1=" " ind2=" " tag="260"><subfield code="a">Budapest, Akad.Kiado, 1952, 510p.+ 2 Harti</subfield></datafield><datafield ind1=" " ind2=" " tag="852"><subfield code="a">48199</subfield></datafield></record></collection>